<record><leader>00000cas a22000007a 4500</leader><controlfield tag="001">22974830</controlfield><controlfield tag="008">910117d19421973maudn ne      0    0eng d</controlfield><datafield ind1=" " ind2=" " tag="010"><subfield code="a">sn 89063448 </subfield></datafield><datafield ind1=" " ind2=" " tag="040"><subfield code="a">MGN</subfield><subfield code="b">eng</subfield><subfield code="c">MGN</subfield><subfield code="d">OCLCQ</subfield></datafield><datafield ind1=" " ind2=" " tag="042"><subfield code="a">msc</subfield></datafield><datafield ind1="0" ind2="0" tag="245"><subfield code="a">Westfield news advertiser.</subfield></datafield><datafield ind1=" " ind2=" " tag="260"><subfield code="a">Westfield, Mass. :</subfield><subfield code="b">Westfield Advertiser</subfield></datafield><datafield ind1=" " ind2=" " tag="300"><subfield code="a">v.</subfield></datafield><datafield ind1=" " ind2=" " tag="310"><subfield code="a">Daily (except Sun.),</subfield><subfield code="b">May 1, 1972-1973</subfield></datafield><datafield ind1=" " ind2=" " tag="321"><subfield code="a">Weekly,</subfield><subfield code="b">1942-Jan. 5, 1972</subfield></datafield><datafield ind1=" " ind2=" " tag="321"><subfield code="a">Triweekly,</subfield><subfield code="b">Jan. 7-Apr. 28, 1972</subfield></datafield><datafield ind1="0" ind2=" " tag="362"><subfield code="a">Vol. 1, no. 1 (July 10, 1942)-v. 42, no. 25 (Jan. 30, 1973).</subfield></datafield><datafield ind1=" " ind2=" " tag="752"><subfield code="a">United States</subfield><subfield code="b">Massachusetts</subfield><subfield code="c">Hampden</subfield><subfield code="d">Westfield.</subfield></datafield><datafield ind1="0" ind2="0" tag="780"><subfield code="t">Westfield advertiser</subfield></datafield><datafield ind1="0" ind2="0" tag="785"><subfield code="t">Westfield evening news</subfield><subfield code="w">(DLC)sn 89063449</subfield></datafield></record>